@article{albarran2013inteligencia,
  title = {La Inteligencia Anal{\'i}tica y la Competitividad en las Empresas},
  author = {Albarran, S. \& Salgado, M.},
  journal = {RECAI Revista de Estudios en Contadur{\'i}a, Administraci{\'o}n e Inform{\'a}tica},
  year = {2013}
}

@article{almeida2013main,
  title = {The main challenges and issues of big data management},
  author = {Almeida, F. & Calistru, C.},
  journal = {International Journal of Research Studies in Computing},
  volume = {4},
  number = {3},
  pages = {209--},
  year = {2013},
  doi = {10.5861/ijrsc.2012.209}
}

@misc{arker2016chatbot,
  title = {El chatbot de Mitsuku gana el Premio Loebner por la mayoría de la IA humana, una vez más},
  author = {Arker, A.},
  year = {2016},
  howpublished = {Techbubble Technologies},
  url = {https://cutt.ly/ge5uZlk}
}

@book{asamblea2008constitucion,
  title = {Constitución de la República del Ecuador},
  author = {Asamblea Constituyente},
  year = {2008},
  publisher = {Asamblea Constituyente de Montecristi},
  address = {LEXIS},
  pages = {117}
}

@book{borges2018toma,
  title = {La toma de decisiones y el enfoque sistémico de la dirección},
  author = {Borges-Torres, C. R. \& Arencibia-Ávila, D. L. \& Pérez-Rosell, C. R.},
  year = {2018},
  publisher = {Ediciones Universitarias de La Plata},
  address = {La Plata, Argentina},
  isbn = {978-123-4567-89-0}
}